@article{dirac1952,
  author    = {G. A. Dirac},
  title     = {Some Theorems on Abstract Graphs},
  journal   = {Proceedings of the London Mathematical Society},
  year      = {1952},
  doi       = {10.1112/plms/s3-2.1.69}
}

@article{Joos_2020,
   title={On a rainbow version of Dirac’s theorem},
   volume={52},
   ISSN={1469-2120},
   url={http://dx.doi.org/10.1112/blms.12343},
   DOI={10.1112/blms.12343},
   number={3},
   journal={Bulletin of the London Mathematical Society},
   publisher={Wiley},
   author={Joos, Felix and Kim, Jaehoon},
   year={2020},
   month=may, pages={498–504} 
}

