%%%%%%%%%%%%%%%%%%%%%%%%%%%%%%%%%%%%%%%%%%%%%%%%%%%%%%%%%%%%%%%%%%%%%%%%%%%%%%%%
%%%%%%%%%%%%%%%%%%%% INSERINDO COMENTÁRIOS EM ARQUIVOS .bib %%%%%%%%%%%%%%%%%%%%
%%%%%%%%%%%%%%%%%%%%%%%%%%%%%%%%%%%%%%%%%%%%%%%%%%%%%%%%%%%%%%%%%%%%%%%%%%%%%%%%
%
% 1. Como em outros arquivos LaTeX, comentários são iniciados por "%" e,
%    portanto, é preciso usar "\%" para imprimir o caractere "%". Esquecer
%    disso pode gerar erros difíceis de encontrar!
%
% 2. Não é possível inserir comentários dentro de uma entrada, apenas fora.
%
% 3. Não é possível incluir o caractere arroba em um comentário.
%
% 4. Se quiser desabilitar temporariamente um campo ("comentar" o campo),
%    troque seu nome para algum nome inválido, como "author-disable".
%    Se quiser fazer alguma observação permanente dentro de uma entrada,
%    você também pode usar algum nome de campo inválido, como "lembrete",
%    ou usar o campo "annotation", que normalmente é ignorado.
%
% 5. Se quiser desabilitar temporariamente uma entrada inteira ("comentar" a
%    entrada), não basta colocar "%" nas linhas correspondentes por causa do
%    caractere arroba; também é preciso remover a arroba.
%
% 6. Na verdade, as regras não são bem essas, mas segui-las é uma boa ideia:
%    https://tex.stackexchange.com/a/262282
%
% Por exemplo, esta entrada está comentada, ou seja, não tem efeito: se
% houvesse uma referência a ela no texto, a referência ficaria inválida.
% Observe que, para isso, o caractere arroba foi apagado!
%
%Book{JW82,
% author    = {Richard A. Johnson and Dean W. Wichern},
% title     = {Applied Multivariate Statistical Analysis},
% publisher = {Prentice-Hall},
% year      = {1983}
%}


%%%%%%%%%%%%%%%%%%%%%%%%%%%%%%%%%%%%%%%%%%%%%%%%%%%%%%%%%%%%%%%%%%%%%%%%%%%%%%%%
%%%%%%%%%%%%%%%%%%%%%%%%%%%%%%% O CAMPO "MONTH" %%%%%%%%%%%%%%%%%%%%%%%%%%%%%%%%
%%%%%%%%%%%%%%%%%%%%%%%%%%%%%%%%%%%%%%%%%%%%%%%%%%%%%%%%%%%%%%%%%%%%%%%%%%%%%%%%
%
% biblatex prefere o uso do campo "date" para definir ano, mês etc. No
% entanto, se você quiser garantir compatibilidade tanto com biblatex
% quanto com bibtex, use os campos "year" e "month". Ambos reconhecem
% diversos formatos para o campo "month", mas apenas um funciona
% corretamente com os dois: o nome do mês em inglês, abreviado com três
% letras minúsculas e sem chaves, ou seja:
%
% ...
% author = {Somebody},
% year = {2011},
% month = oct,
% title = {Some title},
% ...


%%%%%%%%%%%%%%%%%%%%%%%%%%%%%%%%%%%%%%%%%%%%%%%%%%%%%%%%%%%%%%%%%%%%%%%%%%%%%%%%

% Esta entrada não está em uso em tese.tex, apenas em
% apresentacao.tex, mas isso não é um problema: você pode
% ter um banco de dados com todos os papers que são de seu
% interesse e, em um dado texto, citar apenas alguns deles.
@article{dirac1952,
  author  = {G. A. Dirac},
  title   = {Some Theorems on Abstract Graphs},
  journal = {Proceedings of the London Mathematical Society},
  year    = {1952},
  doi     = {10.1112/plms/s3-2.1.69}
}

@article{Joos_2020,
  title     = {On a rainbow version of Dirac’s theorem},
  volume    = {52},
  issn      = {1469-2120},
  url       = {http://dx.doi.org/10.1112/blms.12343},
  doi       = {10.1112/blms.12343},
  number    = {3},
  journal   = {Bulletin of the London Mathematical Society},
  publisher = {Wiley},
  author    = {Joos, Felix and Kim, Jaehoon},
  year      = {2020},
  month     = may,
  pages     = {498–504}
}

@misc{AharonisConjecture,
  title         = {Notes on Aharoni's rainbow cycle conjecture},
  author        = {Katie Clinch and Jackson Goerner and Tony Huynh and Freddie Illingworth},
  year          = {2022},
  eprint        = {2211.07897},
  archiveprefix = {arXiv},
  primaryclass  = {math.CO},
  url           = {https://arxiv.org/abs/2211.07897}
}

@misc{nathanson2006caccettahaggkvistconjectureadditivenumber,
  title         = {The Caccetta-Haggkvist conjecture and additive number theory},
  author        = {Melvyn B. Nathanson},
  year          = {2006},
  eprint        = {math/0603469},
  archiveprefix = {arXiv},
  primaryclass  = {math.CO},
  url           = {https://arxiv.org/abs/math/0603469}
}

 @misc{Ore_1960,
  title     = {Note on Hamilton Circuits},
  volume    = {67},
  url       = {http://dx.doi.org/10.2307/2308928},
  doi       = {10.2307/2308928},
  number    = {1},
  journal   = {The American Mathematical Monthly},
  publisher = {JSTOR},
  author    = {Ore, Oystein},
  year      = {1960},
  month     = jan,
  pages     = {55}
} 